<?xml version="1.0" encoding="UTF-8"?><collection xmlns="http://www.loc.gov/MARC21/slim"><record><leader>00362nam--2200121-i-4500</leader><controlfield tag="001">000049058</controlfield><controlfield tag="002">20161230</controlfield><controlfield tag="005">20161230201047</controlfield><controlfield tag="008">060222s1000------------r-----000-0-eng-d</controlfield><datafield ind1=" " ind2=" " tag="245"><subfield code="a">Radioisotopes. the wonder tool. a nontechnical sourcebook on practical uses of radioisotopes in industry</subfield></datafield><datafield ind1=" " ind2=" " tag="260"><subfield code="a">New York, A.E.G., 1956, 91p</subfield></datafield><datafield ind1=" " ind2=" " tag="700"><subfield code="a">Shead,W.A</subfield></datafield><datafield ind1=" " ind2=" " tag="852"><subfield code="a">13128</subfield></datafield></record></collection>